% Encoding: UTF-8
@BOOK{Marx2005,
        AUTHOR = {Marx, Karl},
        YEAR = {2005},
        TITLE = {Das Kapital - Kurzfassung aller drei Bände},
        EDITION = {},
        ISBN = {978-3-897-00430-6},
        PUBLISHER = {VWF},
        ADDRESS = {Berlin},
}
@BOOK{Melville2018,
        AUTHOR = {Melville, Herman},
        YEAR = {2018},
        TITLE = {Moby-Dick},
        EDITION = {},
        ISBN = {978-0-393-28500-0},
        PUBLISHER = {W. W. Norton},
        ADDRESS = {London},
}
@BOOK{Preussler1988,
        AUTHOR = {Preußler, Otfried},
        YEAR = {1988},
        TITLE = {Krabat},
        EDITION = {},
        ISBN = {978-3-522-14410-0},
        PUBLISHER = {Thienemann},
        ADDRESS = {Stuttgart},
}
@BOOK{Tolstoy2017,
        AUTHOR = {Tolstoy, Leo Nikolayevich},
        YEAR = {2017},
        TITLE = {Anna Karenina},
        EDITION = {},
        ISBN = {978-0-198-80053-8},
        PUBLISHER = {Oxford University Press},
        ADDRESS = {New York},
}
@article{Baier:2009yq,
      author         = "Baier, H. and others",
      title          = "{QPACE: A QCD parallel computer based on Cell
                        processors}",
      booktitle      = "{Proceedings, 27th International Symposium on Lattice
                        field theory (Lattice 2009): Beijing, P.R. China, July
                        26-31, 2009}",
      journal        = "PoS",
      volume         = "LAT2009",
      year           = "2009",
      pages          = "001",
      eprint         = "0911.2174",
      archivePrefix  = "arXiv",
      primaryClass   = "hep-lat",
      SLACcitation   = "%%CITATION = ARXIV:0911.2174;%%"
}

@Comment{jabref-meta: databaseType:bibtex;}
